<collection xmlns="http://www.loc.gov/MARC21/slim">
   <record>
      <leader>07027cam a2200457 i 4500</leader>
      <controlfield tag="001">6712181</controlfield>
      <controlfield tag="003">FlBoTFG</controlfield>
      <controlfield tag="005">20141020104122.0</controlfield>
      <controlfield tag="006">m    |o  d |      </controlfield>
      <controlfield tag="007">cr |||</controlfield>
      <controlfield tag="008">141020t20152015fluabdf ob    001 0 eng d</controlfield>
      <datafield ind1=" " ind2=" " tag="020">
         <subfield code="a">9781466512252 (e-book : PDF)</subfield>
      </datafield>
      <datafield ind1=" " ind2=" " tag="035">
         <subfield code="a">ocn891387115</subfield>
      </datafield>
      <datafield ind1=" " ind2=" " tag="039">
         <subfield code="a">exclude</subfield>
      </datafield>
      <datafield ind1=" " ind2=" " tag="040">
         <subfield code="a">FlBoTFG</subfield>
         <subfield code="b">eng</subfield>
         <subfield code="c">FlBoTFG</subfield>
         <subfield code="e">rda</subfield>
         <subfield code="d">AEU</subfield>
      </datafield>
      <datafield ind1=" " ind2="4" tag="050">
         <subfield code="a">TD477</subfield>
         <subfield code="b">.A64 2015</subfield>
      </datafield>
      <datafield ind1=" " ind2=" " tag="090">
         <subfield code="a">Internet Access</subfield>
         <subfield code="b">AEU</subfield>
      </datafield>
      <datafield ind1="0" ind2="0" tag="245">
         <subfield code="a">Aquananotechnology :</subfield>
         <subfield code="b">global prospects /</subfield>
         <subfield code="c">edited by David E. Reisner, T. Pradeep.</subfield>
      </datafield>
      <datafield ind1=" " ind2="1" tag="264">
         <subfield code="a">Boca Raton :</subfield>
         <subfield code="b">CRC Press,</subfield>
         <subfield code="c">[2015]</subfield>
      </datafield>
      <datafield ind1=" " ind2="4" tag="264">
         <subfield code="c">©2015</subfield>
      </datafield>
      <datafield ind1=" " ind2=" " tag="300">
         <subfield code="a">1 online resource.</subfield>
      </datafield>
      <datafield ind1=" " ind2=" " tag="336">
         <subfield code="a">text</subfield>
         <subfield code="2">rdacontent</subfield>
         <subfield code="0">http://id.loc.gov/vocabulary/contentTypes/txt</subfield>
      </datafield>
      <datafield ind1=" " ind2=" " tag="337">
         <subfield code="a">computer</subfield>
         <subfield code="2">rdamedia</subfield>
         <subfield code="0">http://id.loc.gov/vocabulary/mediaTypes/c</subfield>
      </datafield>
      <datafield ind1=" " ind2=" " tag="338">
         <subfield code="a">online resource</subfield>
         <subfield code="2">rdacarrier</subfield>
         <subfield code="0">http://id.loc.gov/vocabulary/carriers/cr</subfield>
      </datafield>
      <datafield ind1=" " ind2=" " tag="504">
         <subfield code="a">Includes bibliographical references and index.</subfield>
      </datafield>
      <datafield ind1="0" ind2=" " tag="505">
         <subfield code="a">Bimodal UV-assisted nano-TiO2 catalyst : crumb rubber device for treatment of contaminated water / Zaki Ahmad, Robina Farooq [and four others] -- Hierarchical carbon and hydrogels for sensing, remediation in drinking water, and aquaculture drug delivery / Cesar A. Barbero [and ten others] -- Use of nanomaterials in water remediation by a subcritical water process / Guy Baret -- Reduction of priority pollutants by nanoscale zerovalent iron in subsurface environments / Chun-Chi Lee [and four others] -- Nanotoxicity : aquatic organisms and ecosystems / Ashutosh Kumar, Rishi Shanker, and Alok Dhawan -- SonoPhotoCatalytic cavitation (SPCC) in water treatment / Tony F. Diego, Curt Hallberg, and Maria Jose Lopez Tendero -- Bilge and ballast water treatment using nanotechnology / Paul L. Edmiston -- Nanoengineered organosilica materials for the treatment of produced water / Paul L. Edmiston, Stephen Jolly, and Stephen Spoonamore -- Arsenic removal metrics that commercialized the drinking water market / Lisa M. Farmen -- Commercialization of nano from water sensors to membranes / Brent Giles -- Nano-photocatalytic materials for environmental applications / Hui Zhang and Liang-Hong Guo -- Engineered polymers and organic-inorganic hybrids as antimicrobial materials for water disinfection / Divakara S.S.M. Uppu, Jiaul Hoque, and Jayanta Haldar -- Key water treatment technologies and their use by several industrial segments and future potential for nanotechnology / Mike Henley --</subfield>
      </datafield>
      <datafield ind1="0" ind2=" " tag="505">
         <subfield code="a">Iron-based magnetic nanomaterials in wastewater treatment / Zongshan Zhao, Jing Lan, Guoliang Li, and Guibin Jiang -- Sustainable clean water : closing the cycle / Satish Vasu Kailas and Monto Mani -- Thin film nanocomposite reverse osmosis membranes / Christopher J. Kurth and Bob Burk -- Technological developments in water defluoridation / Nitin K. Labhsetwar [and five others] -- Nanotechnology tunneling in the Environmental Kuznets Curve (EKC) : nano zerovalent iron for underground water remediation / Ali Marjowy and Rasool Lesan-Khosh -- Engineered nanoscale materials for defluoridation of groundwater / Shihabudheen M. Maliyekkal -- Advances in nanostructured polymers and membranes for removal of heavy metals in water / Bhekie B. Mamba [and five others] -- Point-of-drinking water purification innovation : the water initiative / Eugene A. Fitzgerald, Thomas A. Langdo, Kevin M. McGovern, and Rick Renjilian -- WaterHealth international : decentralized systems provide sustainable drinking water / Mahendra K. Misra and Sanjay Bhatnagar -- Electrospun nanofibers in water purification / Sajini Vadukumpully, Shantikumar V. Nair, and A. Sreekumaran Nair -- Light-activated nanotechnology for drinking water purification / Mark D. Owen and Tom Hawkins -- Modified TiO2-based photocatalytic systems for the removal of emerging contaminants from water / Ligy Philip, Arya Vijayanandan, and Jaganathan Senthilnathan -- Noble metal nanosystems for drinking water purification : from nanoparticles to clusters / Thalappil Pradeep and Megalamane Siddaramappa Bootharaju -- Water desalination : emerging and existing technologies / Shaurya Prakash, Mark A. Shannon, and Karen Bellman --</subfield>
      </datafield>
      <datafield ind1="0" ind2=" " tag="505">
         <subfield code="a">Challenges and opportunities for nanotechnology in the energy-water nexus / Shaurya Prakash and Karen Bellman -- Nanotechnology in passive atmospheric water capture / Carlos Ángel Sánchez Recio, Zaki Ahmad, and Tony F. Diego -- Evaluation of a zinc clinoptilolite (ZZ®) for drinking water treatment / Gerardo Rodríguez-Fuentes [and eight others] -- Phosphorous removal and recovery using nanotechnology / J. Richard Schorr [and four others] -- Nanomaterials persuasive in long history of pursuing perchlorates / Suvankar Sengupta [and four others] -- Stormwater runoff treatment using bioswales augmented with advanced nanoengineered materials / Hanbae Yang and Stephen Spoonamore -- Graphene : applications in environmental remediation and sensing / Theruvakkattil Sreenivasan Sreeprasad -- Quantitative high throughput assay for detection of biologically active endocrine disrupting chemicals in water / Diana A. Stavreva, Lyuba Varticovski, and Gordon L. Hager -- Novel carbon-based nanoadsorbents for water purification / Nishith Verma and Ashutosh Sharma -- Engineered nanomaterials for landfill leachate treatment in the humid tropics : the Sri Lankan perspective / Meththika Vithanage [and five others] -- Al13 cluster nanoflocculants for remediation of dissolved organic compounds and colloidal particles in water / Dongsheng Wang, Hongxiao Tang, and Jiuhui Qu -- GE water provides portfolio of nanotech membrane-based solutions / Ralph Exton.</subfield>
      </datafield>
      <datafield ind1=" " ind2=" " tag="506">
         <subfield code="a">Access restricted to authorized users and institutions.</subfield>
      </datafield>
      <datafield ind1=" " ind2=" " tag="520">
         <subfield code="a">"Nanotechnology is finding numerous uses in the water industry, including high surface area filtration media, membranes for desalination plants, and fundamental new methods for desalination. This book provides a comprehensive overview from a global perspective, the latest research, and developments in the use of nanotechnology for water purification and desalination methods. It demonstrates the role of nanotechnology in water treatment"--</subfield>
         <subfield code="c">Provided by publisher.</subfield>
      </datafield>
      <datafield ind1=" " ind2=" " tag="596">
         <subfield code="a">44</subfield>
      </datafield>
      <datafield ind1=" " ind2="0" tag="650">
         <subfield code="a">Water</subfield>
         <subfield code="x">Purification</subfield>
         <subfield code="x">Materials.</subfield>
      </datafield>
      <datafield ind1=" " ind2="0" tag="650">
         <subfield code="a">Nanostructured materials</subfield>
         <subfield code="x">Environmental aspects.</subfield>
      </datafield>
      <datafield ind1=" " ind2="0" tag="650">
         <subfield code="a">Nanofiltration.</subfield>
         <subfield code="0">http://id.loc.gov/authorities/subjects/sh00005423</subfield>
      </datafield>
      <datafield ind1="1" ind2=" " tag="700">
         <subfield code="a">Reisner, David Evans,</subfield>
         <subfield code="e">editor.</subfield>
         <subfield code="0">http://id.loc.gov/authorities/names/n87812615</subfield>
         <subfield code="0">http://viaf.org/viaf/18739647</subfield>
      </datafield>
      <datafield ind1="1" ind2=" " tag="700">
         <subfield code="a">Pradeep, T.,</subfield>
         <subfield code="e">editor.</subfield>
         <subfield code="0">http://id.loc.gov/authorities/names/nb2008011401</subfield>
         <subfield code="0">http://viaf.org/viaf/68461809</subfield>
      </datafield>
      <datafield ind1=" " ind2=" " tag="758">
         <subfield code="0">http://worldcat.org/entity/work/id/23805417</subfield>
      </datafield>
      <datafield ind1="0" ind2=" " tag="787">
         <subfield code="n">OCLC Work Id</subfield>
         <subfield code="o">http://worldcat.org/entity/work/id/23805417</subfield>
      </datafield>
      <datafield ind1="4" ind2="0" tag="856">
         <subfield code="3">University of Alberta Access</subfield>
         <subfield code="u">http://marc.crcnetbase.com/isbn/9781466512252</subfield>
         <subfield code="z">(Unlimited Concurrent Users)</subfield>
      </datafield>
      <datafield ind1=" " ind2=" " tag="949">
         <subfield code="h">UAIN</subfield>
         <subfield code="z">CRC</subfield>
      </datafield>
      <datafield ind1=" " ind2=" " tag="926">
         <subfield code="a">Internet Access</subfield>
         <subfield code="w">LC</subfield>
         <subfield code="c">1</subfield>
         <subfield code="i">6712181-1001</subfield>
         <subfield code="l">INTERNET</subfield>
         <subfield code="m">UAINTERNET</subfield>
         <subfield code="r">Y</subfield>
         <subfield code="s">Y</subfield>
         <subfield code="t">E-RESOURCE</subfield>
         <subfield code="u">10/27/2014</subfield>
         <subfield code="x">E-BOOK</subfield>
         <subfield code="z">CRC</subfield>
      </datafield>
   </record>
</collection>
